@Article{lecuyer.1999,
  author = 	 {Pierre L'Ecuyer},
  title = 	 {Good parameters and implementations for combined
                  multiple recursive random number generators},
  journal = 	 {Operations Research},
  year = 	 1999,
  volume = 	 47,
  pages = 	 {195--164},
url= {http://www.iro.umontreal.ca/~lecuyer/myftp/papers/combmrg2.ps}
}

@Article{lecuyer.2002,
  author = 	 {Pierre L'Ecuyer and Richard Simard and E. Jack Chen and
                  W. David Kelton},
  title = 	 {An object-oriented random-number package with many 
                  long streams and substreams},
  journal = 	 {Operations Research},
  year = 	 2002,
  volume = 	 50,
  pages = 	 {1073--5},
url = {http://www.iro.umontreal.ca/~lecuyer/myftp/papers/streams00.pdf}
}


@Misc{snow,
  author = 	 {Luke Tierney and A. J. Rossini and Na Li and H. Sevcikova},
  title = 	 {Simple Network of WorkStations for {R}},
  year = 	 "2003--present",
  url = {http://www.stat.uiowa.edu/~luke/R/cluster/cluster.html}
}

@Misc{rlecuyer,
  author = 	 {Hana Sevcikova and Tony Rossini},
  title = 	 {\texttt{rlecuyer}: {R} interface to {RNG}
                  with multiple streams},
  year = 	 "2004--present",
url = "http://cran.r-project.org/web/packages/rlecuyer/index.html"
}

@Misc{multicore,
  author = 	 {Simon Urbanek},
  title = 	 {\texttt{multicore}: {Parallel} processing of {R}
                  code on machines with multiple cores or {CPUs}},
  year = 	 "2009--present",
url = "http://cran.r-project.org/web/packages/multicore/index.html"
}
